117879031697255225785109745650632128594136918688977080071768929677547579914027368588306298811639450726841515895728302165112396567260455613925495888395969336837382834384816391504193271068
3312683039440262363348916512492766238061715181905025295622394216290726777639942961884258427869699440963280388593060401906195729918902127820826129525436768146915914453566074371337890625
