116903605022934144314222596692771353296522279389607050997109755459691838233018397303647353852572937965251629221541130039888099883501302931219551296192
3342259174093135343626891878641115824767948151428130046176099018793171044305867086449819144652922618633733246710119787194440216026597629004078880487
